<?xml version="1.0" encoding="UTF-8"?><collection xmlns="http://www.loc.gov/MARC21/slim"><record><leader>00387nam--2200145-i-4500</leader><controlfield tag="001">000033951</controlfield><controlfield tag="002">20161230</controlfield><controlfield tag="005">20161230201039</controlfield><controlfield tag="008">060222s1000------------r-----000-0-eng-d</controlfield><datafield ind1=" " ind2=" " tag="080"><subfield code="a">536.48</subfield></datafield><datafield ind1=" " ind2=" " tag="100"><subfield code="a">Mendelssohn, K</subfield></datafield><datafield ind1=" " ind2=" " tag="245"><subfield code="a">Cryophysics</subfield></datafield><datafield ind1=" " ind2=" " tag="260"><subfield code="a">New York, Interscience Publishers, Inc., 1960. Viii+183p</subfield></datafield><datafield ind1=" " ind2=" " tag="490"><subfield code="a">Interscience Tracts On Physics And Astronomy</subfield></datafield><datafield ind1=" " ind2=" " tag="852"><subfield code="a">10104</subfield></datafield></record></collection>